<?xml version="1.0" encoding="utf-8"?>
<record xmlns="http://www.loc.gov/MARC21/slim" xmlns:xsi="http://www.w3.org/2001/XMLSchema-instance" xsi:schemaLocation="http://www.loc.gov/MARC21/slim http://www.loc.gov/standards/marcxml/schema/MARC21slim.xsd">
	<leader>     nam a22     Mi 4500</leader>
	<controlfield tag="001">1069377</controlfield>
	<controlfield tag="003">NjP</controlfield>
	<controlfield tag="006">m        d        </controlfield>
	<controlfield tag="007">cr cn |||m|||a</controlfield>
	<controlfield tag="008">191101s1886    le      o     000 0 ara d</controlfield>
	<datafield ind1=" " ind2=" " tag="040">
		<subfield code="a">ZYU</subfield>
		<subfield code="b">ara</subfield>
		<subfield code="e">rda</subfield>
		<subfield code="c">ZYU</subfield>
	</datafield>
	<datafield ind1="1" ind2=" " tag="041">
		<subfield code="a">ara</subfield>
		<subfield code="h">ota</subfield>
	</datafield>
	<datafield ind1=" " ind2=" " tag="043">
		<subfield code="a">a-tu---</subfield>
	</datafield>
	<datafield ind1="1" ind2="4" tag="050">
		<subfield code="a">KKX494.5</subfield>
		<subfield code="b">.H344 1886</subfield>
	</datafield>
	<datafield ind1="1" ind2=" " tag="100">
		<subfield code="6">880-01</subfield>
		<subfield code="a">Halil Rifat,</subfield>
		<subfield code="c">İzmir ceza mahkemesi reisi.</subfield>
	</datafield>
	<datafield ind1="1" ind2="0" tag="240">
		<subfield code="a">Külliyat-ı şerh-ı ceza.</subfield>
		<subfield code="l">Arabic</subfield>
	</datafield>
	<datafield ind1="1" ind2="0" tag="245">
		<subfield code="6">880-02</subfield>
		<subfield code="a">Kullīyāt sharḥ al-jazāʼ :</subfield>
		<subfield code="b">wa-huwa kitāb yashtamilu ʻalá tafsīr jamīʻ mawādd Qānūn al-jazāʼ al-humāyūnī /</subfield>
		<subfield code="c">li-ḥaḍrat Khalīl Rifʻat Afandī ; tarjamahu min al-Turkīyah al-qānūnī ʻIzzitlū Niqūlā Afandī Naqqāsh.</subfield>
	</datafield>
	<datafield ind1="1" ind2="5" tag="246">
		<subfield code="6">880-03</subfield>
		<subfield code="a">Tarjamat Sharḥ Qānūn al-jazāʼ</subfield>
	</datafield>
	<datafield ind1=" " ind2=" " tag="260">
		<subfield code="6">880-04</subfield>
		<subfield code="a">Bayrūt :</subfield>
		<subfield code="b">al-Maṭbaʻah al-ʻUmūmīyah,</subfield>
		<subfield code="c">1886.</subfield>
	</datafield>
	<datafield ind1=" " ind2=" " tag="300">
		<subfield code="a">online resource (414 pages)</subfield>
	</datafield>
	<datafield ind1=" " ind2=" " tag="336">
		<subfield code="a">text</subfield>
		<subfield code="2">rdacontent</subfield>
	</datafield>
	<datafield ind1=" " ind2=" " tag="337">
		<subfield code="a">computer</subfield>
		<subfield code="2">rdamedia</subfield>
	</datafield>
	<datafield ind1=" " ind2=" " tag="338">
		<subfield code="a">online resource</subfield>
		<subfield code="2">rdacarrier</subfield>
	</datafield>
	<datafield ind1=" " ind2=" " tag="500">
		<subfield code="a">Part of the Arabic Collections Online (ACO) project, contributed by Princeton University Libraries.</subfield>
	</datafield>
	<datafield ind1=" " ind2=" " tag="533">
		<subfield code="a">Electronic reproduction.</subfield>
		<subfield code="b">New York, N.Y. :</subfield>
		<subfield code="c">New York University,</subfield>
		<subfield code="d">2019.</subfield>
		<subfield code="5">NNU</subfield>
	</datafield>
	<datafield ind1="1" ind2="0" tag="610">
		<subfield code="a">Turkey.</subfield>
		<subfield code="t">Ceza kanunnae-yi hümayunu.</subfield>
	</datafield>
	<datafield ind1=" " ind2="0" tag="650">
		<subfield code="a">Compensation (Law)</subfield>
		<subfield code="z">Turkey.</subfield>
	</datafield>
	<datafield ind1=" " ind2="7" tag="650">
		<subfield code="a">Compensation (Law)</subfield>
		<subfield code="2">fast</subfield>
		<subfield code="0">(OCoLC)fst00871398</subfield>
	</datafield>
	<datafield ind1=" " ind2="7" tag="651">
		<subfield code="a">Turkey.</subfield>
		<subfield code="2">fast</subfield>
		<subfield code="0">(OCoLC)fst01208963</subfield>
	</datafield>
	<datafield ind1="1" ind2=" " tag="710">
		<subfield code="a">Turkey.</subfield>
		<subfield code="t">Ceza kanunnae-yi hümayunu.</subfield>
		<subfield code="l">Arabic.</subfield>
	</datafield>
	<datafield ind1="2" ind2=" " tag="710">
		<subfield code="a">Princeton University.</subfield>
		<subfield code="b">Library.</subfield>
	</datafield>
	<datafield ind1="0" ind2=" " tag="730">
		<subfield code="a">Arabic Collections Online.</subfield>
	</datafield>
	<datafield ind1="0" ind2="8" tag="776">
		<subfield code="i">Online version:</subfield>
		<subfield code="a">Halil Rifat, İzmir ceza mahkemesi reisi.</subfield>
		<subfield code="s">Külliyat-ı şerh-ı ceza. Arabic.</subfield>
		<subfield code="t">Kullīyāt sharḥ al-jazāʼ.</subfield>
		<subfield code="d">Bayrūt : al-Maṭbaʻah al-ʻUmūmīyah, 1886</subfield>
		<subfield code="w">(OCoLC)657057565</subfield>
	</datafield>
	<datafield ind1="0" ind2="8" tag="776">
		<subfield code="i">Print version:</subfield>
		<subfield code="a">Halil Rifat, İzmir ceza mahkemesi reisi.</subfield>
		<subfield code="t">Kullīyāt sharḥ al-jazāʼ</subfield>
		<subfield code="w">(NjP)1069377</subfield>
		<subfield code="w">(OCoLC)35114223</subfield>
	</datafield>
	<datafield ind1="4" ind2="0" tag="856">
		<subfield code="u">http://hdl.handle.net/2333.1/tb2rbzbp</subfield>
	</datafield>
	<datafield ind1="1" ind2=" " tag="880">
		<subfield code="6">100-01</subfield>
		<subfield code="a">حليل، رفعت.</subfield>
	</datafield>
	<datafield ind1="1" ind2="0" tag="880">
		<subfield code="6">245-02</subfield>
		<subfield code="a">كليات شرح الجزاء :</subfield>
		<subfield code="b">وهو كتاب يشتمل على تفسير جميع مواد القانون الهمايوني /</subfield>
		<subfield code="c">لحضرة خليل رفعت افندي ؛ ترجمه من التركية القانوني عزتلو نقولا افندي نقاش.</subfield>
	</datafield>
	<datafield ind1="1" ind2="5" tag="880">
		<subfield code="6">246-03</subfield>
		<subfield code="a">ترجمة قانون الجزاء</subfield>
	</datafield>
	<datafield ind1=" " ind2=" " tag="880">
		<subfield code="6">260-04</subfield>
		<subfield code="a">بيروت :</subfield>
		<subfield code="b">المطبعة العمومية،</subfield>
		<subfield code="c">١٨٨٦.</subfield>
	</datafield>
	<datafield ind1=" " ind2=" " tag="959">
		<subfield code="a">NNU</subfield>
		<subfield code="b">WEB</subfield>
		<subfield code="c">GENI</subfield>
		<subfield code="t">0</subfield>
		<subfield code="m">Electronic access</subfield>
		<subfield code="s">01</subfield>
	</datafield>
	<datafield ind1=" " ind2=" " tag="999">
		<subfield code="i">NjP_1069377</subfield>
		<subfield code="o">(OCoLC)ocm35114223 </subfield>
		<subfield code="s">princeton_aco003693:</subfield>
		<subfield code="e">(ERROR-880)</subfield>
	</datafield>
</record>
